<record><leader>00000cas a22000007a 4500</leader><controlfield tag="001">12484146</controlfield><controlfield tag="008">850903d186u1879mouwr ne      0    0eng d</controlfield><datafield ind1=" " ind2=" " tag="010"><subfield code="a">sn 85034128 </subfield></datafield><datafield ind1=" " ind2=" " tag="040"><subfield code="a">NPU</subfield><subfield code="b">eng</subfield><subfield code="c">NPU</subfield><subfield code="d">NPT</subfield><subfield code="d">MQN</subfield><subfield code="d">OCLCQ</subfield></datafield><datafield ind1=" " ind2=" " tag="042"><subfield code="a">msc</subfield></datafield><datafield ind1="0" ind2=" " tag="130"><subfield code="a">St. Joseph weekly herald (Saint Joseph, Mo. : 1869)</subfield></datafield><datafield ind1="1" ind2="0" tag="245"><subfield code="a">St. Joseph weekly herald.</subfield></datafield><datafield ind1="3" ind2="0" tag="246"><subfield code="a">Weekly St. Joseph herald</subfield></datafield><datafield ind1="3" ind2="0" tag="246"><subfield code="a">Saint Joseph weekly herald</subfield></datafield><datafield ind1=" " ind2=" " tag="260"><subfield code="a">St. Joseph, Mo. :</subfield><subfield code="b">Hallowell &amp; Bittinger,</subfield><subfield code="c">-1879.</subfield></datafield><datafield ind1=" " ind2=" " tag="300"><subfield code="a">v. ;</subfield><subfield code="c">71 cm.</subfield></datafield><datafield ind1=" " ind2=" " tag="310"><subfield code="a">Weekly</subfield></datafield><datafield ind1="0" ind2=" " tag="362"><subfield code="a">-v. 17, no. 35 (Aug. 28, 1879).</subfield></datafield><datafield ind1=" " ind2=" " tag="500"><subfield code="a">"St. Joseph" appears in title ornament.</subfield></datafield><datafield ind1=" " ind2=" " tag="588"><subfield code="a">Description based on: Vol. 8, no. 4 (Feb. 4, 1869).</subfield></datafield><datafield ind1=" " ind2=" " tag="752"><subfield code="a">United States</subfield><subfield code="b">Missouri</subfield><subfield code="c">Buchanan</subfield><subfield code="d">Saint Joseph.</subfield></datafield><datafield ind1="0" ind2=" " tag="775"><subfield code="t">Daily morning herald (Saint Joseph, Mo.)</subfield><subfield code="w">(DLC)sn 85034129</subfield></datafield><datafield ind1="0" ind2=" " tag="775"><subfield code="t">St. Joseph dollar herald (Saint Joseph, Mo. : Daily)</subfield><subfield code="w">(DLC)sn 86063678</subfield></datafield><datafield ind1="0" ind2="0" tag="780"><subfield code="t">Weekly herald (Saint Joseph, Mo. : 1866)</subfield><subfield code="w">(DLC)sn 87052177</subfield></datafield><datafield ind1="0" ind2="0" tag="785"><subfield code="t">St. Joseph dollar herald (Saint Joseph, Mo. : Weekly)</subfield><subfield code="w">(DLC)sn 86063676</subfield></datafield><datafield ind1="1" ind2=" " tag="029"><subfield code="a">AU@</subfield><subfield code="b">000023449145</subfield></datafield></record>